%% This BibTeX bibliography file was created using BibDesk.
%% http://bibdesk.sourceforge.net/

%% Created for Brenda Betancourt at 2018-11-26 13:00:12 -0500 


%% Saved with string encoding Unicode (UTF-8) 

@article{McQueenie19,
	Author = {R. McQueenie and D. A. Ellis and A. McConnachie, P. Wilson, and A. E. Williamson},
	Date-Added = {2017-07-12 00:09:08 +0000},
	Date-Modified = {2018-04-04 06:55:49 +0000},
	Journal = {BMC medicine},
	Title = {Morbidity, mortality and missed appointments in healthcare: a national retrospective data linkage study},
	Volume = {17(1)},
	Year = {2019}}
	
@article{Williamson17,
	Author = {A. E. Williamson and D. A. Ellis and P. Wilson and R. McQueenie and A. McConnachie},
	Date-Added = {2016-09-01 00:09:08 +0000},
	Date-Modified = {2017-12-14 06:55:49 +0000},
	Journal = {BMJ Open},
	Title = {Understanding repeated non-attendance in health services: a pilot analysis of administrative data and full study protocol for a national retrospective cohort},
	Volume = {7(2)},
	Year = {2017}}

@article{Ellis17,
	Author = {D. A. Ellis and R. McQueenie and A. McConnachie and P. Wilson and A. E. Williamson},
	Date-Added = {2017-07-12 00:09:08 +0000},
	Date-Modified = {2018-04-04 06:55:49 +0000},
	Journal = {The Lancet Public Health},
	Title = {Demographic and practice factors predicting repeated non-attendance in primary care: a national retrospective cohort analysis},
	Volume = {2(12)},
	Year = {2017}}

@inproceedings{Kusner17,
	Author = {M. Kusner and J. Loftus and C. Russell and R. Silva},
	Booktitle = {31st Conference of Neural Information Processing Systems (NIPS)},
	Date-Added = {2018-11-26 17:52:26 +0000},
	Date-Modified = {2018-11-26 17:54:41 +0000},
	Title = {Counterfactual Fairness},
	Year = {2017}}

@article{GeorgeMcCulloch93,
	Author = {E. I. George and R. E. McCulloch},
	Date-Added = {2018-04-12 22:44:48 +0000},
	Date-Modified = {2018-11-26 17:36:38 +0000},
	Journal = {Journal of the American Statistical Association},
	Number = {423},
	Pages = {881-889},
	Title = {Variable Selection via Gibbs Sampling},
	Volume = {88},
	Year = {1993}}

@article{ElSharo15,
	Author = {M. El-Sharo and B. Zheng and S. W. Yoon and M. T. Khasawneh},
	Date-Added = {2018-04-12 21:19:58 +0000},
	Date-Modified = {2018-04-12 21:25:55 +0000},
	Journal = {Operation Research for Health Care},
	Pages = {1-10},
	Title = {An overbooking scheduling model for outpatient appointments in a multi-provider clinic},
	Volume = {6},
	Year = {2015}}

@article{Ben18,
	Author = {X. Ding and Z. F. Gellad and C. Mather and P. Barth and E. G. Poon and M. Newman and B. A. Goldstein},
	Date-Added = {2018-04-12 01:49:49 +0000},
	Date-Modified = {2018-04-12 01:52:03 +0000},
	Journal = {Journal of the American Medical Informatics Association},
	Title = {Designing risk prediction models for ambulatory no-shows across different specialties and clinics},
	Year = {2018}}

@misc{Saito15,
	Author = {H. Saito},
	Date-Added = {2018-04-05 21:44:01 +0000},
	Date-Modified = {2018-04-05 21:46:08 +0000},
	Howpublished = {R package},
	Title = {\texttt{sprsmdl}: Sparse modeling toolkit},
	Year = {2015}}

@article{Mackay92,
	Author = {MacKay, D. J. C.},
	Date-Added = {2018-04-05 21:31:13 +0000},
	Date-Modified = {2018-04-05 21:32:40 +0000},
	Journal = {Neural Computation},
	Number = {3},
	Pages = {415-447},
	Title = {Bayesian interpolation},
	Volume = {4},
	Year = {1992}}

@booklet{Bishop06,
	Author = {C. M. Bishop},
	Date-Added = {2018-04-05 21:29:57 +0000},
	Date-Modified = {2018-04-05 22:13:49 +0000},
	Howpublished = {Springer},
	Title = {Pattern recognition and machine learning},
	Year = {2006}}

@article{Tibshi05,
	Author = {Tibshirani, R. and Saunders, M. and Rosset, S. and Zhu, J. and Knight, K.},
	Date-Added = {2018-04-03 19:27:42 +0000},
	Date-Modified = {2018-04-03 19:27:42 +0000},
	Journal = {Journal of the Royal Statistical Society, Series B},
	Pages = {91-108},
	Title = {Sparsity and smoothness via the fused lasso},
	Volume = {67},
	Year = {2005}}

@article{ChoiHobert13,
	Author = {H. M. Choi and J. P. Hobert},
	Date-Added = {2018-04-03 02:29:46 +0000},
	Date-Modified = {2018-04-03 02:33:54 +0000},
	Journal = {Electronic Journal of Statistics},
	Title = {The Polya-Gamma Gibbs sampler for Bayesian logistic regression is uniformly ergodic},
	Volume = {7},
	Year = {2013}}

@article{Tipping01,
	Author = {Tipping, M. E.},
	Date-Added = {2018-04-01 21:17:16 +0000},
	Date-Modified = {2018-04-04 06:54:01 +0000},
	Journal = {Journal of machine learning research},
	Pages = {211-244},
	Title = {Sparse Bayesian learning and the relevance vector machine},
	Volume = {1},
	Year = {2001}}

@article{Tipping00,
	Author = {M. E. Tipping},
	Date-Added = {2018-04-01 21:15:33 +0000},
	Date-Modified = {2018-04-04 06:53:50 +0000},
	Journal = {In Advances in neural information processing systems},
	Pages = {652-658},
	Title = {The relevance vector machine},
	Volume = {12},
	Year = {2000}}

@article{Tibshirani96,
	Author = {Tibshirani, R.},
	Date-Added = {2018-04-01 21:10:54 +0000},
	Date-Modified = {2018-04-01 21:12:30 +0000},
	Journal = {Journal of the Royal Statistical Society, Series B (Methodological)},
	Number = {1},
	Pages = {267-288},
	Rating = {2},
	Title = {Regression shrinkage and selection via the lasso},
	Volume = {58},
	Year = {1996}}

@article{PolsonScott13,
	Author = {Polson, N. G. and Scott, J. G. and and Windle, J.},
	Date-Added = {2018-04-01 21:08:01 +0000},
	Date-Modified = {2018-04-04 06:54:30 +0000},
	Journal = {Journal of the American Statistical Association},
	Number = {504},
	Pages = {1339-1349},
	Title = {Bayesian inference for logistic models using Polya-Gamma latent variables},
	Volume = {108},
	Year = {2013}}

@article{ParkCasella08,
	Author = {Park, T. and Casella, G.},
	Date-Added = {2018-04-01 21:06:18 +0000},
	Date-Modified = {2018-04-01 21:07:55 +0000},
	Journal = {Journal of the American Statistical Association},
	Number = {482},
	Pages = {681-686},
	Title = {The Bayesian Lasso},
	Volume = {103},
	Year = {2008}}

@article{Li02,
	Author = {Li, Y. and Campbell, C. and Tipping, M.},
	Date-Added = {2018-04-01 21:04:20 +0000},
	Date-Modified = {2018-04-01 21:06:07 +0000},
	Journal = {Bioinformatics},
	Number = {10},
	Pages = {1332-1339},
	Title = {Bayesian automatic relevance determination algorithms for classifying gene expression data},
	Volume = {18},
	Year = {2002}}

@article{JaakkolaQi07,
	Author = {Jaakkola, T. S. and Qi, Y.},
	Date-Added = {2018-04-01 21:02:05 +0000},
	Date-Modified = {2018-04-01 21:04:13 +0000},
	Journal = {In Advances in Neural Information Processing Systems},
	Pages = {1097-1104},
	Title = {Parameter expanded variational Bayesian methods},
	Volume = {19},
	Year = {2007}}

@article{JaakkolaJordan00,
	Author = {Jaakkola, T. S. and Jordan, M. I.},
	Date-Added = {2018-04-01 20:59:54 +0000},
	Date-Modified = {2018-04-01 21:01:16 +0000},
	Journal = {Statistics and Computing},
	Number = {1},
	Pages = {25-37},
	Title = {Bayesian parameter estimation via variational methods},
	Volume = {10},
	Year = {2000}}

@article{GeorgeRockova17,
	Author = {George, E.I., Rockova,V., Rosenbaum, P.R., Satopaa, V.A. and Silber, J.H},
	Date-Added = {2018-04-01 20:57:25 +0000},
	Date-Modified = {2018-04-01 20:59:29 +0000},
	Journal = {Journal of the American Statistical Association},
	Pages = {933-947},
	Title = {Mortality Rate Estimation and Standardization for Public Reporting: Medicare's Hospital Compare},
	Volume = {112},
	Year = {2017}}

@unpublished{Drugowitsch17,
	Author = {Drugowitsch, J.},
	Date-Added = {2018-04-01 20:55:55 +0000},
	Date-Modified = {2018-04-05 21:21:33 +0000},
	Note = {arXiv preprint arXiv:1310.5438v3},
	Title = {Variational Bayesian inference for linear and logistic regression},
	Year = {2017}}

@electronic{Carbonetto17,
	Author = {Carbonetto, P. and Zhou, X. and Stephens, M.},
	Date-Added = {2018-04-01 20:53:33 +0000},
	Date-Modified = {2018-04-01 20:55:19 +0000},
	Title = {varbvs: Fast Variable Selection for Large-scale Regression.},
	Urldate = {arXiv preprint arXiv:1709.06597},
	Year = {2017}}

@article{Carbonetto12,
	Author = {Carbonetto, P. and Stephens, M.},
	Date-Added = {2018-04-01 20:52:06 +0000},
	Date-Modified = {2018-04-01 20:53:14 +0000},
	Journal = {Bayesian analysis},
	Number = {1},
	Pages = {73-108},
	Title = {Scalable variational inference for Bayesian variable selection in regression, and its accuracy in genetic association studies.},
	Volume = {7},
	Year = {2012}}

@article{BaeMallick04,
	Author = {K. Bae and B. K. Mallick},
	Date-Added = {2018-04-01 20:50:25 +0000},
	Date-Modified = {2018-04-01 22:47:40 +0000},
	Journal = {Bioinformatics},
	Number = {18},
	Pages = {3423-3430},
	Title = {Gene selection using a two-level hierarchical Bayesian model.},
	Volume = {20},
	Year = {2004}}

@article{Kheirkhah16,
	Author = {P. Kheirkhah and Q. Feng and L. M. Travis and S. Tavakoli-Tabasi and A. Sharafkhaneh},
	Date-Added = {2017-07-12 00:09:08 +0000},
	Date-Modified = {2018-04-04 06:55:49 +0000},
	Journal = {BMC health services research},
	Number = {13},
	Title = {Prevalence, predictors and economic consequences of no-shows},
	Volume = {16(1)},
	Year = {2016}}

@inproceedings{Buja2005,
	Author = {Andreas Buja and Yi Shen},
	Title = {Loss Functions for Binary Class Probability Estimation and Classification: Structure and Applications},
	Year = {2005}}

@book{Gelman13,
	Author = {A. Gelman and J.B. Carlin and H. S. Stern and D.B. Dunson and A. Vehtari},
	Date-Added = {2017-05-22 19:41:42 +0000},
	Date-Modified = {2017-05-22 19:45:05 +0000},
	Edition = {Third},
	Publisher = {Taylor \& Francis},
	Title = {Bayesian Data Analysis},
	Year = {2013}}

@misc{Hwang15,
	Author = {A. S. Hwang and S.J. Atlas and P. Cronin and J.M Ashburner and S.J. Shah and W. He and C.S. Hong},
	Date-Added = {2017-05-22 00:38:03 +0000},
	Date-Modified = {2018-04-04 06:54:57 +0000},
	Howpublished = {doi: 10.1007/s11606-015-3252-3},
	Title = {Appointment ``no-shows'' are an independent predictor of subsequent quality of care and resource utilization outcomes},
	Year = {2015}}

@misc{Nuti12,
	Author = {L. A. Nuti and M. Lawley and A. Turkcan and Z. Tian and L. Zhang and K. Chang and D.R. Willis},
	Date-Added = {2017-05-22 00:16:53 +0000},
	Date-Modified = {2018-04-04 06:54:18 +0000},
	Howpublished = {doi: 10.1186/1472-6963-12-304},
	Journal = {BMC Health Serv Res.},
	Number = {304},
	Title = {No-shows to primary care appointments: subsequent acute care utilization among diabetic patients},
	Volume = {12},
	Year = {2012}}
